<record><leader>00000cas a22000007a 4500</leader><controlfield tag="001">25003782</controlfield><controlfield tag="008">911220d19121915ncudn ne      0    0eng d</controlfield><datafield ind1=" " ind2=" " tag="010"><subfield code="a">sn 91068537 </subfield></datafield><datafield ind1=" " ind2=" " tag="040"><subfield code="a">NVJ</subfield><subfield code="b">eng</subfield><subfield code="c">NVJ</subfield><subfield code="d">OCLCQ</subfield></datafield><datafield ind1=" " ind2=" " tag="042"><subfield code="a">msc</subfield></datafield><datafield ind1="0" ind2="4" tag="245"><subfield code="a">The New Bern sun.</subfield></datafield><datafield ind1=" " ind2=" " tag="260"><subfield code="a">New Bern, N.C. :</subfield><subfield code="b">New Bern Pub. Co.</subfield></datafield><datafield ind1=" " ind2=" " tag="300"><subfield code="a">v.</subfield></datafield><datafield ind1=" " ind2=" " tag="310"><subfield code="a">Daily (except Sunday)</subfield></datafield><datafield ind1="1" ind2=" " tag="362"><subfield code="a">Began in 1912; ceased in 1915.</subfield></datafield><datafield ind1=" " ind2=" " tag="500"><subfield code="a">"New Bern" appears in masthead ornament.</subfield></datafield><datafield ind1=" " ind2=" " tag="588"><subfield code="a">Description based on: Vol. 11, no. 66 (Sept. 16, 1912).</subfield></datafield><datafield ind1=" " ind2=" " tag="752"><subfield code="a">United States</subfield><subfield code="b">North Carolina</subfield><subfield code="c">Craven</subfield><subfield code="d">New Bern.</subfield></datafield><datafield ind1="0" ind2=" " tag="775"><subfield code="t">Semi-weekly sun (New Bern, N.C.)</subfield><subfield code="w">(DLC)sn 92073192</subfield></datafield><datafield ind1="0" ind2="0" tag="780"><subfield code="t">Sun (New Bern, N.C.)</subfield><subfield code="w">(DLC)sn 91068536</subfield></datafield><datafield ind1="0" ind2="5" tag="780"><subfield code="t">Daily journal (New Bern, N.C. : 1913)</subfield><subfield code="w">(DLC)sn 93065771</subfield></datafield><datafield ind1="0" ind2="0" tag="785"><subfield code="t">New Bern sun journal</subfield><subfield code="w">(DLC)sn 92073193</subfield></datafield><datafield ind1="1" ind2=" " tag="029"><subfield code="a">AU@</subfield><subfield code="b">000020125044</subfield></datafield></record>